<?xml version="1.0" encoding="UTF-8"?><collection xmlns="http://www.loc.gov/MARC21/slim"><record><leader>00375nam--2200133-i-4500</leader><controlfield tag="001">000038478</controlfield><controlfield tag="002">20161230</controlfield><controlfield tag="005">20161230201041</controlfield><controlfield tag="008">060222s1000------------r-----000-0-eng-d</controlfield><datafield ind1=" " ind2=" " tag="100"><subfield code="a">Redei Ladislau</subfield></datafield><datafield ind1=" " ind2=" " tag="245"><subfield code="a">Algebra. ertser teil</subfield></datafield><datafield ind1=" " ind2=" " tag="260"><subfield code="a">Leipzig, Akad,Verlagsgesellschaft, 1959. Xv + 797 P. + 6 Fig</subfield></datafield><datafield ind1=" " ind2=" " tag="490"><subfield code="a">Math.Und Ihre Anwendungen In Ph.Und Technic</subfield></datafield><datafield ind1=" " ind2=" " tag="852"><subfield code="a">8528</subfield></datafield></record></collection>